@string{pami="TEST biblio"}

@Book{pybook,
    author =    {Ziadé, Tareck},
    title =     {Programmation Python, Conception et optimisation},
    publisher = {Eyrolles},
    year =      2009
}

@MISC{re,
    author =    {Patrick Fuchs and Pierre Poulain},
    title =     {Expressions régulières et parsing},
    howpublished = "\url{http://www.dsimb.inserm.fr/~fuchs/python/python-node13.html}",
    year =      2010,
    month =     "june"
}


@MISC{pydoc,
    author =    {Python v2.7},
    title =     {Documentation en ligne de Python},
    howpublished = "\url{http://docs.python.org/}",
    year =      2010,
    month =     "june"
}

@MISC{gecode,
    author =    {Google},
    title =     {Documentation en ligne sur la sémentique des documents KML},
    howpublished = "\url{http://code.google.com/apis/kml/documentation/kmlreference.html}",
    year =      2010,
    month =     "june"
}
